@inproceedings{bhavanishankar2021design,
  title        = {Design and development of low-cost portable function generator},
  author       = {Bhavanishankar, H. M. and Manikandan, J.},
  booktitle    = {2021 IEEE Mysore Sub Section International Conference (MysuruCon)},
  pages        = {692--696},
  year         = {2021},
  publisher    = {IEEE}
}

@misc{functionGenerator,

  author       = {IDC Technologies},
  title        = {Function Generator},
  year         = {n.d.},
  url          = {https://www.idc-online.com/technical_references/pdfs/instrumentation/Function_Generator.pdf},
  note         = {Accessed: 2025-01-16}
}

@misc{rgpv_signal_generator,
  author       = {Rajiv Gandhi Proudyogiki Vishwavidyalaya},
  title        = {Signal Generator - UNIT IV},
  year         = {2025},
  url          = {https://rgpv.ac.in/campus/EX/UNIT%20IV%20Signal%20Generator.pdf},
  note         = {Accessed: 2025-01-16}
}

@manual{bkprecision_function_generator_guide,
  title        = {Guide to Function Generators and Arbitrary Waveform Generators},
  author       = {B\&K Precision},
  year         = {2022},
  url          = {https://www.mouser.com/pdfdocs/BK-precision-function-generator-awg-guide.pdf},
  note         = {Accessed: 2025-01-16}
}

@manual{scientech4064s,
  title        = {10MHz AM-FM Modulation Function-Pulse Generator with 50MHz Frequency Counter},
  author       = {Scientech Technologies Pvt. Ltd.},
  year         = {2025},
  address      = {Indore, India},
  url          = {https://rgpv.ac.in/campus/EX/UNIT%20IV%20Signal%20Generator.pdf},
  note         = {Accessed: 2025-01-16}
}

@book{dixit_lab_manual,
  author       = {Dixit, Abhisek and Jain, Amit K. and Mashuq-un-Nabi and Maheshwari, RamKrishan},
  title        = {Introduction to Electrical Engineering Laboratory Manual},
  publisher    = {IIT Delhi},
  year         = {n.d.},
  note         = {EEL102, ELL100},
  url          = {https://drive.google.com/file/d/13i9p-HaHT29kARcUwbNihInkvAlDK4B1/view?usp=sharing}
}

@manual{exp2_network_theorems,
  title        = {Experiment No: 2 - Experiment Based on Network Theorems (KCL, KVL)},
  author       = {Dixit, Abhisek and Jain, Amit K. and Mashuq-un-Nabi and Maheshwari, RamKrishan},
  year         = {n.d.},
  url          = {https://drive.google.com/file/d/1OO82yYQAfeTCaIYSCchjHrO2NE63sTjV/view?usp=sharing},
  note         = {Accessed: 2025-01-16}
}

@manual{exp3_rlc_response,
  title        = {Experiment No: 3 - Step Response of RLC Circuits},
  author       = {Dixit, Abhisek and Jain, Amit K. and Mashuq-un-Nabi and Maheshwari, RamKrishan},
  year         = {n.d.},
  url          = {https://drive.google.com/file/d/1qz7yZbe6gcp7Ijyz-J0VM_6gU_R6AYKt/view?usp=sharing},
  note         = {Accessed: 2025-01-16}
}

@manual{exp4_rlc_circuits,
  title        = {Experiment No. 4: Steady–State Response of RLC Circuits},
  author       = {Dixit, Abhisek and Jain, Amit K. and Mashuq-un-Nabi and Maheshwari, RamKrishan},
  year         = {n.d.},
  url          = {https://drive.google.com/file/d/1PoaNhQbBqAend2BWNl7CXenDAmJoXspM/view?usp=sharing},
  note         = {Accessed: 2025-01-16}
}

@manual{exp5_application_of_diode,
  title        = {Experiment No. 5: Applications of Diode},
  author       = {Dixit, Abhisek and Jain, Amit K. and Mashuq-un-Nabi and Maheshwari, RamKrishan},
  year         = {n.d.},
  url          = {https://drive.google.com/file/d/1O8mcbnN2vgSjUFWxn01X042WnsFykdw4/view?usp=sharing},
  note         = {Accessed: 2025-01-16}
}

@manual{exp7_Steady_state_performance_of_a_1-phase_transformer,
  title        = {Experiment No. 7: Steady- state performance of a 1-phase transformer},
  author       = {Dixit, Abhisek and Jain, Amit K. and Mashuq-un-Nabi and Maheshwari, RamKrishan},
  year         = {n.d.},
  url          = {https://drive.google.com/file/d/1rsPjmR2d181rMFwYWkKTa-xZnBSiFip8/view?usp=sharing},
  note         = {Accessed: 2025-01-16}
}

@misc{isolite_ip_rating_chart,
  author       = {Isolite},
  year         = {2020},
  title        = {IP Rating Chart},
  url          = {https://isolite.com/downloads/IP-RATING-CHART.pdf},
  note         = {Accessed: 2025-01-16}
}

@standard{iec60297_3_100_2008,
  organization = {International Electrotechnical Commission},
  year         = {2008},
  title        = {IEC 60297-3-100:2008: Mechanical structures for electronic equipment – Dimensions of mechanical structures of the 482.6 mm (19 in) series – Part 3-100: Basic dimensions of front panels, subracks, chassis, racks and cabinets},
  url          = {https://cdn.standards.iteh.ai/samples/15882/dee9b74d54a1458dbd4896136e80d81f/IEC-60297-3-100-2008.pdf},
  note         = {Accessed: 2025-01-16}
}

@manual{scientific_mes_technik_2015,
  author       = {Scientific Mes-Technik Pvt. Ltd.},
  year         = {2015},
  title        = {3 MHz Function Generators SM5070 \& SM5071},
  url          = {https://www.scientificindia.com/documents/default.aspx?f=Product%2Fpdfs%2F3-mhz-function-generator-counter-2015.pdf},
  note         = {Accessed: 2025-01-16}
}

@manual{tektronix_cfg253_1993,
  author       = {Tektronix, Inc.},
  year         = {1993},
  title        = {User Manual CFG253 3 MHz Function Generator 070-8362-04},
  url          = {https://download.tek.com/manual/070836204.pdf},
  note         = {Accessed: 2025-01-16}
}

@datasheet{analog_ad9833,
  author       = {Analog Devices},
  title        = {AD9833 Datasheet},
  year         = {n.d.},
  url          = {https://www.analog.com/media/en/technical-documentation/data-sheets/ad9833.pdf},
  note         = {Accessed: 2025-01-16}
}

@manual{wokwi_ky_040,
  author       = {Wokwi},
  title        = {Wokwi KY-040 Rotary Encoder Documentation},
  year         = {n.d.},
  url          = {https://docs.wokwi.com/parts/wokwi-ky-040},
  note         = {Accessed: 2025-01-16}
}

@manual{wokwi_lcd1602,
  author       = {Wokwi},
  title        = {Wokwi LCD1602 Display Documentation},
  year         = {n.d.},
  url          = {https://docs.wokwi.com/parts/wokwi-lcd1602},
  note         = {Accessed: 2025-01-16}
}

@manual{arduino_liquidcrystal_i2c,
  author       = {Arduino},
  title        = {LiquidCrystal I2C Library Documentation},
  year         = {n.d.},
  url          = {https://docs.arduino.cc/libraries/liquidcrystal-i2c},
  note         = {Accessed: 2025-01-16}
}

@datasheet{mouser_afg1022,
  author       = {Mouser Electronics},
  title        = {AFG1022 Arbitrary Function Generator Datasheet},
  year         = {n.d.},
  url          = {https://www.mouser.com/datasheet/2/403/AFG1022-Arbitrary-Function-Generator-Datasheet-1-540840.pdf},
  note         = {Accessed: 2025-01-16}
}

@online{gaotek_function_generator_components,
  author       = {Gaotek},
  title        = {Components of a Function Generator},
  year         = {n.d.},
  url          = {https://gaotek.com/components-of-a-function-generator/},
  note         = {Accessed: 2025-01-16}
}

@online{allaboutcircuits_diy_waveform_generator,
  author       = {All About Circuits},
  title        = {How to DIY Waveform Generator with Analog Devices AD9833 and ATmega328p},
  year         = {n.d.},
  url          = {https://www.allaboutcircuits.com/projects/how-to-DIY-waveform-generator-analog-devices-ad9833-ATmega328p/},
  note         = {Accessed: 2025-01-16}
}

@datasheet{ti_lm741,
  author       = {Texas Instruments},
  title        = {LM741 Operational Amplifier Datasheet},
  year         = {n.d.},
  url          = {https://www.ti.com/lit/ds/symlink/lm741.pdf},
  note         = {Accessed: 2025-01-16}
}

@datasheet{microchip_pic16f877a,
  author       = {Microchip Technology Inc.},
  title        = {PIC16F877A Datasheet},
  year         = {n.d.},
  url          = {https://ww1.microchip.com/downloads/en/DeviceDoc/30292c.pdf},
  note         = {Accessed: 2025-01-16}
}

@online{arduino_lcd_flicker,
  author       = {Arduino Forum},
  title        = {How to prevent LCD flicker?},
  year         = {n.d.},
  url          = {https://forum.arduino.cc/t/how-to-prevent-lcd-flicker/306715},
  note         = {Accessed: 2025-01-29}
}

@online{baldengineer_lcd_tips,
  author       = {Bald Engineer},
  title        = {Arduino LCD Display Tips},
  year         = {n.d.},
  url          = {https://www.baldengineer.com/arduino-lcd-display-tips.html},
  note         = {Accessed: 2025-01-29}
}

@online{upesy_esp32_pinout,
  author       = {Upesy},
  title        = {ESP32 Pinout Reference: GPIO Pins (Ultimate Guide)},
  year         = {n.d.},
  url          = {https://www.upesy.com/blogs/tutorials/esp32-pinout-reference-gpio-pins-ultimate-guide#},
  note         = {Accessed: 2025-01-29}
}

@manual{wokwi_analog_joystick,
  author       = {Wokwi},
  title        = {Wokwi Analog Joystick Documentation},
  year         = {n.d.},
  url          = {https://docs.wokwi.com/parts/wokwi-analog-joystick},
  note         = {Accessed: 2025-01-29}
}

@manual{wokwi_ssd1306,
  author       = {Wokwi},
  title        = {Wokwi SSD1306 OLED Display Documentation},
  year         = {n.d.},
  url          = {https://docs.wokwi.com/parts/board-ssd1306},
  note         = {Accessed: 2025-01-29}
}

@online{randomnerdtutorials_esp32_oled,
  author       = {Random Nerd Tutorials},
  title        = {ESP32 SSD1306 OLED Display with Arduino IDE},
  year         = {n.d.},
  url          = {https://randomnerdtutorials.com/esp32-ssd1306-oled-display-arduino-ide/},
  note         = {Accessed: 2025-01-29}
}

@online{randomnerdtutorials_esp32_dac,
  author       = {Random Nerd Tutorials},
  title        = {ESP32 DAC Audio with Arduino IDE},
  year         = {n.d.},
  url          = {https://randomnerdtutorials.com/esp32-dac-audio-arduino/},
  note         = {Accessed: 2025-01-29}
}

@online{techrm_esp32_signal_generator,
  author       = {TechRM},
  title        = {Guide to Creating a Simple Signal Generator with ESP32},
  year         = {n.d.},
  url          = {https://www.techrm.com/guide-to-creating-a-simple-signal-generator-with-esp32/#:~:text=The%20DacTone%20library%20for%20generating,signal%20setup%20and%20production%20process.},
  note         = {Accessed: 2025-01-29}
}

@online{smashingmagazine_ui_design,
  author       = {Smashing Magazine},
  title        = {Ergonomic User Interface Design},
  year         = {2018},
  url          = {https://www.smashingmagazine.com/2018/05/ergonomic-user-interface-design/},
  note         = {Accessed: 2025-01-29}
}

@manual{mdf_board_indiamart,
  author       = {IndiaMART},
  title        = {MDF Board - Manufacturers \& Suppliers in India},
  year         = {n.d.},
  url          = {https://dir.indiamart.com/impcat/mdf-board.html},
  note         = {Accessed: 2025-01-29}
}

@manual{white_abs_plastic_indiamart,
  author       = {IndiaMART},
  title        = {White ABS Plastic Raw Material - IndiaMART},
  year         = {n.d.},
  url          = {https://www.indiamart.com/proddetail/white-abs-plastic-raw-material-11630443612.html?srsltid=AfmBOoqDLf8TA1ndLaUpwHW9kdo21O6GYeGv2lmv8ZQzRHYeJjF3tFm9},
  note         = {Accessed: 2025-01-29}
}

@online{eshelp_esp32_features,
  author       = {ES Help},
  title        = {What is ESP32? Its Features, Applications, and Limitations},
  year         = {n.d.},
  url          = {https://eshelp.org/what-is-esp32-its-features-applications-and-limitations/},
  note         = {Accessed: 2025-01-29}
}

@online{deepseadev_esp32_advantages,
  author       = {DeepSea Dev},
  title        = {ESP32 Chip Explained and Advantages},
  year         = {n.d.},
  url          = {https://www.deepseadev.com/en/blog/esp32-chip-explained-and-advantages/},
  note         = {Accessed: 2025-01-29}
}

@online{espressif_esp32_ota,
  author       = {Espressif Systems},
  title        = {OTA - Over-the-Air Updates},
  year         = {n.d.},
  url          = {https://docs.espressif.com/projects/esp-idf/en/stable/esp32/api-reference/system/ota.html},
  note         = {Accessed: 2025-01-29}
}

@online{analog_ota_microcontrollers,
  author       = {Analog Devices},
  title        = {Over-the-Air (OTA) Updates in Embedded Microcontroller Applications},
  year         = {n.d.},
  url          = {https://www.analog.com/en/resources/analog-dialogue/articles/over-the-air-ota-updates-in-embedded-microcontroller-applications.html},
  note         = {Accessed: 2025-01-29}
}

@online{wikipedia_awg,
  author       = {Wikipedia},
  title        = {Arbitrary Waveform Generator},
  year         = {n.d.},
  url          = {https://en.wikipedia.org/wiki/Arbitrary_waveform_generator},
  note         = {Accessed: 2025-01-29}
}

@online{analog_ad9833_datasheet,
  author       = {Analog Devices},
  title        = {AD9833 Datasheet},
  year         = {n.d.},
  url          = {https://www.analog.com/media/en/technical-documentation/data-sheets/ad9833.pdf},
  note         = {Accessed: 2025-01-29}
}

@online{analog_ad9833_product,
  author       = {Analog Devices},
  title        = {AD9833 Product Page},
  year         = {n.d.},
  url          = {https://www.analog.com/en/products/ad9833.html},
  note         = {Accessed: 2025-01-29}
}

@online{getgetstechno_bluetooth_esp32,
  author       = {GetGets Techno},
  title        = {Bluetooth ESP32 Tank Electronic Code},
  year         = {n.d.},
  url          = {https://getgetstechno.github.io/ThunderCode.io/Bluetooth_esp32_tank_elec_code.html},
  note         = {Accessed: 2025-01-29}
}

@online{lastminuteengineers_esp32_gpio_interrupts,
  author       = {Last Minute Engineers},
  title        = {Handling ESP32 GPIO Interrupts - Tutorial},
  year         = {n.d.},
  url          = {https://lastminuteengineers.com/handling-esp32-gpio-interrupts-tutorial/},
  note         = {Accessed: 2025-01-29}
}

@online{ti_lm358_datasheet,
  author       = {Texas Instruments},
  title        = {LM358 Datasheet},
  year         = {n.d.},
  url          = {https://www.ti.com/lit/ds/symlink/lm358.pdf},
  note         = {Accessed: 2025-01-29}
}

@online{ti_lm741_datasheet,
  author       = {Texas Instruments},
  title        = {LM741 Datasheet},
  year         = {n.d.},
  url          = {https://www.ti.com/lit/ds/symlink/lm741.pdf},
  note         = {Accessed: 2025-01-29}
}

